@book{NNHaykin,
  author    = {Simon Haykin}, 
  title     = {Neural Networks A Comprehensive Foundation},
  publisher = {Macmillan College Publishing Company},
  year      = 1994,
  isbn      = {0023527617},
  pages		= {696},
}

@book{NNStanley,
  author    = {Jeannette Stanley and Evan Bate}, 
  title     = {Neuronale Netze Computersimulation biologischer Intelligenz},
  publisher = {Systhema Verlag GmbH},
  year      = 1991,
  isbn      = {3893902597},
  pages		= {224},
}

@book{NNBraun,
  author    = {Heinrich Braun}, 
  title     = {Neuronale Netze Optimierung durch Lernen und Evolution},
  publisher = {Springer},
  year      = 1997,
  isbn      = {9783540626145},
  pages		= {279},
}

@book{NNNauck,
  author    = {Detlef Nauck and Frank Klawonn and Rudolf Kruse}, 
  title     = {Neuronale Netze und Fuzzy Systeme},
  publisher = {Vieweg},
  year      = 1994,
  isbn      = {3528052651},
  pages		= {407},
}

@Article{MDPI,
AUTHOR = {Isokawa, Teijiro and Nishimura, Haruhiko and Matsui, Nobuyuki},
TITLE = {Quaternionic Multilayer Perceptron with Local Analyticity},
JOURNAL = {Information},
VOLUME = {3},
YEAR = {2012},
NUMBER = {4},
PAGES = {756},
URL = {http://www.mdpi.com/2078-2489/3/4/756},
ISSN = {2078-2489},
ABSTRACT = {A multi-layered perceptron type neural network is presented and analyzed in this paper. All neuronal parameters such as input, output, action potential and connection weight are encoded by quaternions, which are a class of hypercomplex number system. Local analytic condition is imposed on the activation function in updating neurons’ states in order to construct learning algorithm for this network. An error back-propagation algorithm is introduced for modifying the connection weights of the network.},
DOI = {10.3390/info3040756}
}

@Article{Osadchy,
AUTHOR = {Osadchy, M. and LeCun, Y. and Miller, M.},
TITLE = {Synergistic Face Detection and Pose Estimation with Energy-Based Models},
JOURNAL = {Journal of Machine Learning Research},
VOLUME = {8},
YEAR = {2007},
PAGES = {1197–1215},
}

@misc{formatt,
  author = {statista},
  title = {Anzahl der aktiven Film- und Fernsehproduktionsfirmen in Deutschland
in den Jahren 1998 bis 2014},
  howpublished = {\url{https://de.statista.com/statistik/daten/studie/243238/umfrage/anzahl-der-film-und-fernsehproduktionsfirmen-in-deutschland/}},
  note = {Abgerufen: 10.08.2016},
}

@misc{MITReview,
  author = {Tom Simonite},
  title = {A Startup’s Neural Network Can Understand Video},
  howpublished = {\url{https://www.technologyreview.com/s/534631/a-startups-neural-network-can-understand-video/}},
  note = {Abgerufen: 16.08.2016},
}

@article{GatysEB15a,
  author    = {Leon A. Gatys and
               Alexander S. Ecker and
               Matthias Bethge},
  title     = {A Neural Algorithm of Artistic Style},
  journal   = {CoRR},
  volume    = {abs/1508.06576},
  year      = {2015},
  url       = {http://arxiv.org/abs/1508.06576},
  timestamp = {Wed, 07 Jun 2017 14:41:58 +0200},
  biburl    = {http://dblp.uni-trier.de/rec/bib/journals/corr/GatysEB15a},
  bibsource = {dblp computer science bibliography, http://dblp.org}
}



@misc{DeepDream,
  author = {Alexander Mordvintsev},
  title = {Inceptionism: Going Deeper into Neural Networks },
  howpublished = {\url{https://research.googleblog.com/2015/06/inceptionism-going-deeper-into-neural.html}},
  note = {Abgerufen: 16.08.2016},
}

@misc{DrehbuchSV,
  author = {Max Deutsch},
  title = {Silicon Valley: A new episode written by AI},
  howpublished = {\url{https://medium.com/deep-writing/silicon-valley-a-new-episode-written-by-ai-a8f832645bc2}},
  note = {Abgerufen: 19.08.2016},
}

@misc{DrehbuchWrite,
  author = {Max Deutsch},
  title = {How to write with artificial intelligence},
  howpublished = {\url{https://medium.com/deep-writing/how-to-write-with-artificial-intelligence-45747ed073c}},
  note = {Abgerufen: 19.08.2016},
}

@misc{DrehbuchMovie,
  author = {Annalee Newitz},
  title = {Movie written by algorithm turns out to be hilarious and intense},
  howpublished = {\url{https://arstechnica.com/gaming/2016/06/an-ai-wrote-this-movie-and-its-strangely-moving/}},
  note = {Abgerufen: 19.08.2016},
}


@article{OordDZSVGKSK16,
  author    = {A{\"{a}}ron van den Oord and
               Sander Dieleman and
               Heiga Zen and
               Karen Simonyan and
               Oriol Vinyals and
               Alex Graves and
               Nal Kalchbrenner and
               Andrew W. Senior and
               Koray Kavukcuoglu},
  title     = {WaveNet: {A} Generative Model for Raw Audio},
  journal   = {CoRR},
  volume    = {abs/1609.03499},
  year      = {2016},
  url       = {http://arxiv.org/abs/1609.03499},
  timestamp = {Wed, 07 Jun 2017 14:42:54 +0200},
  biburl    = {http://dblp.uni-trier.de/rec/bib/journals/corr/OordDZSVGKSK16},
  bibsource = {dblp computer science bibliography, http://dblp.org}
}

@article{VondrickPT16,
  author    = {Carl Vondrick and
               Hamed Pirsiavash and
               Antonio Torralba},
  title     = {Generating Videos with Scene Dynamics},
  journal   = {CoRR},
  volume    = {abs/1609.02612},
  year      = {2016},
  url       = {http://arxiv.org/abs/1609.02612},
  timestamp = {Thu, 13 Jul 2017 11:49:40 +0200},
  biburl    = {http://dblp.uni-trier.de/rec/bib/journals/corr/VondrickPT16},
  bibsource = {dblp computer science bibliography, http://dblp.org}
}


